% This file was created with JabRef 2.10b2.
% Encoding: UTF-8

@Book{DUMMY,
	author = 		{Dalheimer, M. K. and G\"unther, K.},
	title = 		{LaTeX - kurz und gut},
	publisher = 	{O'REILLY},
	year = 		{2008}
}

@Misc{fakenews,
	author = 		{Batista, Rafael},
	title =         {{Vantagens da Inteligência Artificial e Machine Learning no marketing}},
	howpublished = 	{\url{https://mundoeducacao.uol.com.br/curiosidades/fake-news.htm}},
	year =          {acessado em: Março 2021}
}

@Misc{cortex,
	author = 		{Cortex},
	title =         {{Monitoramento de mídias em tempo real: por que é imprescindível?}},
	howpublished = 	{\url{https://cortex-intelligence.com/blog/comunicacao/monitoramento-de-midias-em-tempo-real-por-que-e-imprescindivel/}},
	year =          {acessado em: Março 2021}
}

@Misc{hibrido,
	author = 		{Ponto Code},
	title =         {{Você sabe o que é desenvolvimento híbrido?}},
	howpublished = 	{\url{https://pontocode.com.br/novidades/voce-sabe-o-que-e-desenvolvimento-hibrido/}},
	year =          {acessado em: Março 2021}
}


@Misc{framew,
	author = 		{Oficina da Net},
	title =         {{Framework, o que é e para que serve?}},
	howpublished = 	{\url{https://www.oficinadanet.com.br/artigo/1294/framework_o_que_e_e_para_que_serve}},
	year =          {acessado em: Março 2021}
}

@Misc{responsivo,
	author = 		{Design Responsivo},
	title =         {{Media Queries}},
	howpublished = 	{\url{https://www.chiefofdesign.com.br/design-responsivo/media-queries/}},
	year =          {acessado em: Março 2021}
}

