% This file was created with JabRef 2.10b2.
% Encoding: UTF-8

@Manual{•,
ALTauthor = {SANTANA, Gisele Alves},
ALTeditor = {Editora e Distribuidora Educacional S.A. },
title = {Linguagens de programação e estruturas de dados},
publisher = {•},
year = {2018,
OPTkey = {•},
OPTvolume = {•},
OPTnumber = {•},
OPTseries = {•},
OPTaddress = {•},
OPTedition = {•},
OPTmonth = {•},
OPTnote = {•},
OPTannote = {•}
}