% This file was created with JabRef 2.10b2.
% Encoding: UTF-8

@Book{DUMMY,
	author = 		{Dalheimer, M. K. and G\"unther, K.},
	title = 		{LaTeX - kurz und gut},
	publisher = 	{O'REILLY},
	year = 		{2008}
}

@Misc{MLIA,
	author = 		{Programa Inova 360},
	title =         {{Vantagens da Inteligência Artificial e Machine Learning no marketing}},
	howpublished = 	{\url{https://vocegostadaresenha.blogspot.com/2020/04/vantagens-da-inteligencia-artificial-e.html}},
	year =          {acessado em: Março 2021}
}

@Misc{Startup,
	author = 		{Significados},
	title =         {{Significado de Startup}},
	howpublished = 	{\url{https://www.significados.com.br/startup/}},
	year =          {acessado em: Março 2021}
}

@Misc{metodologia,
	author = 		{Softerize},
	title =         {{Metodologias de Desenvolvimento}},
	howpublished = 	{\url{https://www.softerize.com.br/blog/metodologias-de-desenvolvimento/}},
	year =          {acessado em: Março 2021}
}

@Misc{queconceito,
	author = 		{Editorial QueConceito. Sao Paulo},
	title =         {{Metodologias de Desenvolvimento}},
	howpublished = 	{\url{https://queconceito.com.br/web}},
	year =          {acessado em: Março 2021}
}

@Misc{devweb,
	author = 		{Dos Santos Ramos, Adriano},
	title =         {{A Importância e a Evolução no Desenvolvimento Web}},
	howpublished = 	{\url{https://www.scribd.com/document/215199079/A-IMPORTANCIA-E-EVOLUCAO-DO-DESENVOLVIMENTO-WEB}},
	year =          {acessado em: Março 2021}
}


@Misc{geek,
	author = 		{GeekHunter},
	title =         {{Android Melhores Linguages de Programação}},
	howpublished = 	{\url{https://blog.geekhunter.com.br/linguagens-de-programacao-para-android/}},
	year =          {acessado em: Março 2021}
}


@Misc{css3,
	author = 		{IlustraDev},
	title =         {{O que é CSS3?}},
	howpublished = 	{\url{https://ilustradev.com.br/o-que-e-css3-como-funciona-estilizacao-com-css/}},
	year =          {acessado em: Março 2021}
}
