% This file was created with JabRef 2.10b2.
% Encoding: UTF-8

@Book{DUMMY,
	author = 		{Dalheimer, M. K. and G\"unther, K.},
	title = 		{LaTeX - kurz und gut},
	publisher = 	{O'REILLY},
	year = 		{2008}
}

@Misc{MLIA,
	author = 		{Programa Inova 360},
	title =         {{Vantagens da Inteligência Artificial e Machine Learning no marketing}},
	howpublished = 	{\url{https://vocegostadaresenha.blogspot.com/2020/04/vantagens-da-inteligencia-artificial-e.html}},
	year =          {acessado em: Março 2021}
}

@Misc{Startup,
	author = 		{Significados},
	title =         {{Significado de Startup}},
	howpublished = 	{\url{https://www.significados.com.br/startup/}},
	year =          {acessado em: Março 2021}
}

@Misc{metodologia,
	author = 		{Softerize},
	title =         {{Metodologias de Desenvolvimento}},
	howpublished = 	{\url{https://www.softerize.com.br/blog/metodologias-de-desenvolvimento/}},
	year =          {acessado em: Março 2021}
}

@Misc{queconceito,
	author = 		{Editorial QueConceito. Sao Paulo},
	title =         {{Metodologias de Desenvolvimento}},
	howpublished = 	{\url{https://queconceito.com.br/web}},
	year =          {acessado em: Março 2021}
}

@Misc{devweb,
	author = 		{Dos Santos Ramos, Adriano},
	title =         {{A Importância e a Evolução no Desenvolvimento Web}},
	howpublished = 	{\url{https://www.scribd.com/document/215199079/A-IMPORTANCIA-E-EVOLUCAO-DO-DESENVOLVIMENTO-WEB}},
	year =          {acessado em: Março 2021}
}


@Misc{geek,
	author = 		{GeekHunter},
	title =         {{Android Melhores Linguages de Programação}},
	howpublished = 	{\url{https://blog.geekhunter.com.br/linguagens-de-programacao-para-android/}},
	year =          {acessado em: Março 2021}
}


@Misc{css3,
	author = 		{IlustraDev},
	title =         {{O que é CSS3?}},
	howpublished = 	{\url{https://ilustradev.com.br/o-que-e-css3-como-funciona-estilizacao-com-css/}},
	year =          {acessado em: Março 2021}
}


@Misc{univasf,
    author = 		{univasf},
    title =         {{Qualidade de Software: Visão Geral}},
    howpublished = 	{\url{http://www.univasf.edu.br/~ricardo.aramos/disciplinas/ESI2009_2/Aula05.pdf}},
    year =          {acessado em: Agosto 2021}
}


@Misc{usp,
    author = 		{Profa. Rosana Braga},
    title =         {{Qualidade de Software: Visão Geral}},
    howpublished = 	{\url{https://edisciplinas.usp.br/pluginfile.php/57546/mod_resource/content/1/Aula8-QualidadeSoftware.pdf}},
    year =          {acessado em: Agosto 2021}
}


@Misc{devmedia,
    author = 		{DEVMedia},
    title =         {{Qualidade de Software - Engenharia de Software 29}},
    howpublished = 	{\url{https://www.devmedia.com.br/qualidade-de-software-engenharia-de-software-29/18209}},
    year =          {acessado em: Agosto 2021}
}


@Misc{cmmcmmi,
    author = 		{Luiz Fernando Salgueiro},
    title =         {{Modelos de Qualidade de Software}},
    howpublished = 	{\url{https://bsi.uniriotec.br/wp-content/uploads/sites/31/2020/05/200508SalgueiroMarcus.pdf}},
    year =          {acessado em: Agosto 2021}
}


@Misc{processo,
    author = 		{IFRN},
    title =         {{Sistemas Operacionais - Threads e Processos}},
    howpublished = 	{\url{https://docente.ifrn.edu.br/tadeuferreira/disciplinas/2016.1/sistemas-operacionais/Aula05.pdf}},
    year =          {acessado em: Agosto 2021}
}


@Misc{auditoria,
    author = 		{Roberto Wagner da Silva Rodrigues},
    title =         {{Auditoria e Conformidade de Segurança da Informação}},
    howpublished = 	{\url{https://www.trf3.jus.br/documentos/rget/seguranca/CLRI/GSIC345_Auditoria_Conformidade_Seguranca_Informacao.pdf}},
    year =          {acessado em: Agosto 2021}
}


@Misc{branca,
    author = 		{TutorialCup},
    title =         {{Teste de caixa branca}},
    howpublished = 	{\url{https://www.tutorialcup.com/pt/ensaio/tipos-de-teste/white-box-testing.htm}},
    year =          {acessado em: Agosto 2021}
}


@Misc{testeufpr,
    author = 		{UFPR},
    title =         {{Teste Estrutural e Funcinal}},
    howpublished = 	{\url{https://www.inf.ufpr.br/lmperes/testeEstruturalFuncional.pdf}},
    year =          {acessado em: Agosto 2021}
}


@Misc{canaltiteste,
    author = 		{Cancal TI},
    title =         {{Teste de Software – Teste caixa-branca e caixa-preta}},
    howpublished = 	{\url{https://www.canalti.com.br/teste-de-software/teste-de-software-teste-caixa-branca-e-caixa-preta/}},
    year =          {acessado em: Agosto 2021}
}

@Misc{eap,
    author = 		{EUAX Consulting},
    title =         {{EAP (Estrutura Analítica do Projeto)}},
    howpublished = 	{\url{https://www.euax.com.br/2018/12/eap-estrutura-analitica-projeto/}},
    year =          {acessado em: Outubro 2021}
}

@Misc{so,
    author = 		{Oficina da Net},
    title =         {{O que é um sistema operacional?}},
    howpublished = 	{\url{https://www.oficinadanet.com.br/artigo/851/o_que_e_um_sistema_operacional/}},
    year =          {acessado em: Outubro 2021}
}

@Misc{pentest,
    author = 		{OSTec Segurança Digital de Resultado},
    title =         {{Pentest: o que é e quais são os principais tipos?}},
    howpublished = 	{\url{https://ostec.blog/geral/pentest-conceito-tipos//}},
    year =          {acessado em: Outubro 2021}
}

